<?xml version="1.0" encoding="UTF-8"?><collection xmlns="http://www.loc.gov/MARC21/slim"><record><leader>00346nam--2200133-i-4500</leader><controlfield tag="001">000027731</controlfield><controlfield tag="002">20161230</controlfield><controlfield tag="005">20161230201036</controlfield><controlfield tag="008">060222s1000------------r-----000-0-eng-d</controlfield><datafield ind1=" " ind2=" " tag="100"><subfield code="a">Krishnamurti, D., Raman, C.V</subfield></datafield><datafield ind1=" " ind2=" " tag="245"><subfield code="a">Optics of the pearl</subfield></datafield><datafield ind1=" " ind2=" " tag="260"><subfield code="a">Bangalore, 1954, 3p., 4 Fig</subfield></datafield><datafield ind1=" " ind2=" " tag="490"><subfield code="a">Memoirs Of The Raman Research Inst</subfield></datafield><datafield ind1=" " ind2=" " tag="852"><subfield code="a">5958</subfield></datafield></record></collection>